@article{Jarzynski_PhysRevLett_1997, author={C. Jarzynski}, title={Nonequilibrium Equality for Free Energy Differences}, journal={Physical Review Letters}, year={1997}, volume={78}, pages={2690--2693}}

@article{Jarzynski_PhysRevE_1997, author={C. Jarzynski}, title={Equilibrium Free-Energy Differences from Nonequilibrium Measurements: A Master-Equation Approach}, journal={Physical Review E}, year={1997}, volume={56}, pages={5018--5035}}

@article{Jarzynski_JStatMech_2004, author={Christopher Jarzynski}, title={Nonequilibrium Work Theorem for A System Strongly Coupled to A Thermal Environment}, journal={Journal of Statistical Mechanics: Theory and Experiment}, year={2004}, eid={P09005}}

@article{Jarzynski_EurPhysJB_2008, author={C. Jarzynski}, title={Nonequilibrium Work Relations: Foundations and Applications}, journal={The European Physical Journal B: Condensed Matter and Complex Systems}, year={2008}, volume={64}, pages={331--340}}

@article{Jarzynski_AnnuRevCondensMatterPhys_2011, author={Christopher Jarzynski}, title={Equalities and Inequilities: Irreversibility and the Second Law of Thermodynamics at the Nanoscale}, journal={Annual Review of Condensed Matter Physics}, year={2011}, volume={2}, pages={329--351}}

@book{Landau_1976, author={L. D. Landau and E. M. Lifshitz}, title={Mechanics}, edition={Third Edition}, publisher={Butterworth-Heinemann}, year={1976}, note={Translated from the Russian by J. B. Sykes and J. S. Bell}}

@book{GrahamCumming_2015, author={John Graham-Cumming}, title={The GNU Make Book}, publisher={No Starch Press}, year={2015}}

@manual{GSL_manual_2021, author={Mark Galassi and Jim Davies and James Theiler and Brian Gough and Gerard Jungman and Patrick Alken and Michael Booth and Fabrice Rossi and Rhys Ulerich}, title={\href{https://www.gnu.org/software/gsl/doc/latex/gsl-ref.pdf}{GNU Scientific Library, Release 2.7}}, year={2021}}

@article{Fishman_SciPostPhysCodeb_2022, author={Matthew Fishman and Steven R. White and E. Miles Stoudenmire}, title={The ITensor Software Library for Tensor Network Calculations}, journal={SciPost Physics Codebases}, year={2020}, eid={4}}
